@online{coloradochristianuniversityStrategicPrioritiesN.D.,
  title = {Strategic {{Priorities}}},
  author = {{Colorado Christian University}},
  year = {N.D.},
  url = {https://www.ccu.edu/about/strategic-priorities/index},
  urldate = {2025-06-03},
  abstract = {Read about Colorado Christian University's Strategic Priorities here.},
  langid = {english},
  organization = {Colorado Christian University},
  file = {C:\Users\lanie\Zotero\storage\AND9G3ZM\strategic-priorities.html}
}

@online{focusonthefamilyWhatsChristianWorldview2024,
  title = {What's a {{Christian Worldview}}?},
  author = {{Focus on the Family}},
  date = {2024-02-21T07:00:00+00:00},
  url = {https://www.focusonthefamily.com/faith/whats-a-christian-worldview/},
  urldate = {2025-06-03},
  abstract = {What is a Christian Worldview? What is a Biblical Worldview? In this article we investigate worldviews and how they are formed for a Christian.},
  langid = {american},
  organization = {Focus on the Family}
}

@online{slickWhatAreChristian2008,
  title = {What Are Some {{Christian Worldview Essentials}}?},
  author = {Slick, Matt},
  date = {2008-11-25T11:56:53+00:00},
  url = {https://carm.org/about-christianity/what-are-some-christian-worldview-essentials/},
  urldate = {2025-06-03},
  abstract = {Explore Christian Apologetics, theology, and critical answers to today's questions about God, the Bible, and the Christian faith at Christian Apologetics \& Research Ministry.},
  langid = {american},
  organization = {Christian Apologetics \& Research Ministry},
  file = {C:\Users\lanie\Zotero\storage\29WBMQ3A\what-are-some-christian-worldview-essentials.html}
}

@online{slickWhatAreElements2008,
  title = {What Are Some Elements of a {{Christian}} World View?},
  author = {Slick, Matt},
  date = {2008-11-25T11:54:57+00:00},
  url = {https://carm.org/about-christianity/what-are-some-elements-of-a-christian-world-view/},
  urldate = {2025-06-03},
  abstract = {Explore Christian Apologetics, theology, and critical answers to today's questions about God, the Bible, and the Christian faith at Christian Apologetics \& Research Ministry.},
  langid = {american},
  organization = {Christian Apologetics \& Research Ministry},
  file = {C:\Users\lanie\Zotero\storage\YMRA68TF\what-are-some-elements-of-a-christian-world-view.html}
}

@book{Smith2024,
  title = {Courage and Calling: {{Embracing}} Your God-given Potential},
  author = {Smith, G. T.},
  date = {2024},
  edition = {3rd},
  publisher = {InterVarsity Press}
}

@book{Tyndale1996,
  title = {Holy Bible, New Living Translation},
  author = {{Tyndale House}},
  date = {1996},
  publisher = {Tyndale House Publishers}
}
